@article{2022_Synthpop,
 title={synthpop: Bespoke Creation of Synthetic Data in {R}},
 volume={74},
 url={https://www.jstatsoft.org/index.php/jss/article/view/v074i11},
 doi={10.18637/jss.v074.i11},
 number={11},
 journal={Journal of Statistical Software},
 author={Nowok, Beata and Raab, Gillian M. and Dibben, Chris},
 year={2016},
 pages={1–26}
}

@article{2024_Sdcmicro,
 title={Statistical Disclosure Control for Micro-Data Using the {R} Package sdc{M}icro},
 volume={67},
 url={https://www.jstatsoft.org/index.php/jss/article/view/v067i04},
 doi={10.18637/jss.v067.i04},
 number={4},
 journal={Journal of Statistical Software},
 author={Templ, Matthias and Kowarik, Alexander and Meindl, Bernhard},
 year={2015},
 pages={1–36}
}

@article{2022_Simpop,
 title={Simulation of Synthetic Complex Data: The {R} Package sim{P}op},
 volume={79},
 url={https://www.jstatsoft.org/index.php/jss/article/view/v079i10},
 doi={10.18637/jss.v079.i10},
 number={10},
 journal={Journal of Statistical Software},
 author={Templ, Matthias and Meindl, Bernhard and Kowarik, Alexander and Dupriez, Olivier},
 year={2017},
 pages={1–38}
}

@misc{Data,
 author={Richard Christie and Florence L. Geis},
	title = {Answers to the Machivallianism Test, a version of the {MACH}-{IV}, https://openpsychometrics.org/\_rawdata/},
	url = {https://openpsychometrics.org/_rawdata/},
	year = {2019},
}


